<?xml version="1.0" encoding="UTF-8"?>
  <record xmlns="http://www.loc.gov/MARC21/slim" type="Authority">
    <leader>00000nz  a2200000nc 4500</leader>
    <controlfield tag="001">100018300</controlfield>
    <controlfield tag="003">DE-101</controlfield>
    <controlfield tag="005">20170203162726.0</controlfield>
    <controlfield tag="008">900615n||azznnaabn           | aaa    |c</controlfield>
    <datafield tag="024" ind1="7" ind2=" ">
      <subfield code="a">100018300</subfield>
      <subfield code="0">http://d-nb.info/gnd/100018300</subfield>
      <subfield code="2">gnd</subfield>
    </datafield>
    <datafield tag="035" ind1=" " ind2=" ">
      <subfield code="a">(DE-101)100018300</subfield>
    </datafield>
    <datafield tag="035" ind1=" " ind2=" ">
      <subfield code="a">(DE-588)100018300</subfield>
    </datafield>
    <datafield tag="035" ind1=" " ind2=" ">
      <subfield code="z">(DE-588a)100018300</subfield>
      <subfield code="9">v:zg</subfield>
    </datafield>
    <datafield tag="035" ind1=" " ind2=" ">
      <subfield code="z">(DE-588c)7518771-1</subfield>
      <subfield code="9">v:zg</subfield>
    </datafield>
    <datafield tag="040" ind1=" " ind2=" ">
      <subfield code="a">DE-12</subfield>
      <subfield code="c">DE-12</subfield>
      <subfield code="9">r:DE-12</subfield>
      <subfield code="b">ger</subfield>
      <subfield code="d">9999</subfield>
    </datafield>
    <datafield tag="042" ind1=" " ind2=" ">
      <subfield code="a">gnd1</subfield>
    </datafield>
    <datafield tag="043" ind1=" " ind2=" ">
      <subfield code="c">XA-IT</subfield>
    </datafield>
    <datafield tag="065" ind1=" " ind2=" ">
      <subfield code="a">3.6p</subfield>
      <subfield code="2">sswd</subfield>
    </datafield>
    <datafield tag="075" ind1=" " ind2=" ">
      <subfield code="b">p</subfield>
      <subfield code="2">gndgen</subfield>
    </datafield>
    <datafield tag="075" ind1=" " ind2=" ">
      <subfield code="b">piz</subfield>
      <subfield code="2">gndspec</subfield>
    </datafield>
    <datafield tag="079" ind1=" " ind2=" ">
      <subfield code="a">g</subfield>
      <subfield code="q">s</subfield>
      <subfield code="q">a</subfield>
      <subfield code="q">f</subfield>
    </datafield>
    <datafield tag="100" ind1="0" ind2=" ">
      <subfield code="a">Andrea</subfield>
      <subfield code="c">Avellino</subfield>
      <subfield code="d">1521-1608</subfield>
    </datafield>
    <datafield tag="400" ind1="1" ind2=" ">
      <subfield code="a">Avellino, Andreas</subfield>
      <subfield code="d">1521-1608</subfield>
    </datafield>
    <datafield tag="400" ind1="0" ind2=" ">
      <subfield code="a">Andreas</subfield>
      <subfield code="c">Avellino</subfield>
      <subfield code="d">1521-1608</subfield>
    </datafield>
    <datafield tag="400" ind1="1" ind2=" ">
      <subfield code="a">Avellino, Andrea</subfield>
      <subfield code="d">1521-1608</subfield>
    </datafield>
    <datafield tag="400" ind1="1" ind2=" ">
      <subfield code="a">Avelino, Andreas</subfield>
      <subfield code="d">1521-1608</subfield>
    </datafield>
    <datafield tag="400" ind1="1" ind2=" ">
      <subfield code="a">Avelino, Andrea</subfield>
      <subfield code="d">1521-1608</subfield>
    </datafield>
    <datafield tag="400" ind1="1" ind2=" ">
      <subfield code="a">Avelino, Andres</subfield>
      <subfield code="d">1521-1608</subfield>
    </datafield>
    <datafield tag="400" ind1="0" ind2=" ">
      <subfield code="a">Andreas</subfield>
      <subfield code="c">Avelino</subfield>
      <subfield code="d">1521-1608</subfield>
    </datafield>
    <datafield tag="400" ind1="0" ind2=" ">
      <subfield code="a">Andrea</subfield>
      <subfield code="c">Avelino</subfield>
      <subfield code="d">1521-1608</subfield>
    </datafield>
    <datafield tag="400" ind1="0" ind2=" ">
      <subfield code="a">Andres</subfield>
      <subfield code="c">Avelino</subfield>
      <subfield code="d">1521-1608</subfield>
    </datafield>
    <datafield tag="400" ind1="1" ind2=" ">
      <subfield code="a">Avellino, Andrew</subfield>
      <subfield code="d">1521-1608</subfield>
    </datafield>
    <datafield tag="400" ind1="0" ind2=" ">
      <subfield code="a">Andrew</subfield>
      <subfield code="c">Avellino</subfield>
      <subfield code="d">1521-1608</subfield>
    </datafield>
    <datafield tag="400" ind1="1" ind2=" ">
      <subfield code="a">Avellino, Lorenzo</subfield>
      <subfield code="d">1521-1608</subfield>
    </datafield>
    <datafield tag="400" ind1="1" ind2=" ">
      <subfield code="a">Avelino, Lancellotto</subfield>
      <subfield code="d">1521-1608</subfield>
    </datafield>
    <datafield tag="400" ind1="1" ind2=" ">
      <subfield code="a">Avellino, Andrew</subfield>
      <subfield code="c">Saint</subfield>
      <subfield code="d">1521-1608</subfield>
    </datafield>
    <datafield tag="400" ind1="1" ind2=" ">
      <subfield code="a">Avellino, André</subfield>
      <subfield code="d">1521-1608</subfield>
    </datafield>
    <datafield tag="400" ind1="0" ind2=" ">
      <subfield code="a">André</subfield>
      <subfield code="c">Avellino</subfield>
      <subfield code="d">1521-1608</subfield>
    </datafield>
    <datafield tag="400" ind1="1" ind2=" ">
      <subfield code="a">Avellino, Andrea</subfield>
      <subfield code="c">Santo</subfield>
      <subfield code="d">1521-1608</subfield>
    </datafield>
    <datafield tag="400" ind1="1" ind2=" ">
      <subfield code="a">Avellinus, Andreas</subfield>
      <subfield code="c">Sanctus</subfield>
      <subfield code="d">1521-1608</subfield>
    </datafield>
    <datafield tag="400" ind1="0" ind2=" ">
      <subfield code="a">Andreas</subfield>
      <subfield code="c">Avellinus</subfield>
      <subfield code="d">1521-1608</subfield>
    </datafield>
    <datafield tag="400" ind1="1" ind2=" ">
      <subfield code="a">Avellinus, Andreas</subfield>
      <subfield code="d">1521-1608</subfield>
    </datafield>
    <datafield tag="400" ind1="0" ind2=" ">
      <subfield code="9">L:eng</subfield>
      <subfield code="a">Andrea</subfield>
      <subfield code="c">Avellino, Saint</subfield>
      <subfield code="d">1521-1608</subfield>
      <subfield code="5">CH-GND</subfield>
    </datafield>
    <datafield tag="400" ind1="1" ind2=" ">
      <subfield code="a">Avellino, Andreas</subfield>
      <subfield code="c">Heiliger</subfield>
      <subfield code="d">1521-1608</subfield>
    </datafield>
    <datafield tag="400" ind1="1" ind2=" ">
      <subfield code="a">Avellino, Andreas</subfield>
      <subfield code="c">Saint</subfield>
      <subfield code="d">1521-1608</subfield>
    </datafield>
    <datafield tag="400" ind1="1" ind2=" ">
      <subfield code="a">Avellinus, Andreas</subfield>
      <subfield code="c">Heiliger</subfield>
      <subfield code="d">1521-1608</subfield>
    </datafield>
    <datafield tag="400" ind1="1" ind2=" ">
      <subfield code="a">Avellinus, Andreas</subfield>
      <subfield code="c">Saint</subfield>
      <subfield code="d">1521-1608</subfield>
    </datafield>
    <datafield tag="400" ind1="1" ind2=" ">
      <subfield code="a">Avellino, Andrea</subfield>
      <subfield code="c">Heiliger</subfield>
      <subfield code="d">1521-1608</subfield>
    </datafield>
    <datafield tag="400" ind1="1" ind2=" ">
      <subfield code="a">Avellino, Andrea</subfield>
      <subfield code="c">Saint</subfield>
      <subfield code="d">1521-1608</subfield>
    </datafield>
    <datafield tag="400" ind1="1" ind2=" ">
      <subfield code="a">Avelino, Andreas</subfield>
      <subfield code="c">Heiliger</subfield>
      <subfield code="d">1521-1608</subfield>
    </datafield>
    <datafield tag="400" ind1="1" ind2=" ">
      <subfield code="a">Avelino, Andreas</subfield>
      <subfield code="c">Saint</subfield>
      <subfield code="d">1521-1608</subfield>
    </datafield>
    <datafield tag="400" ind1="1" ind2=" ">
      <subfield code="a">Avelino, Andrea</subfield>
      <subfield code="c">Heiliger</subfield>
      <subfield code="d">1521-1608</subfield>
    </datafield>
    <datafield tag="400" ind1="1" ind2=" ">
      <subfield code="a">Avelino, Andrea</subfield>
      <subfield code="c">Saint</subfield>
      <subfield code="d">1521-1608</subfield>
    </datafield>
    <datafield tag="400" ind1="1" ind2=" ">
      <subfield code="a">Avelino, Andres</subfield>
      <subfield code="c">Heiliger</subfield>
      <subfield code="d">1521-1608</subfield>
    </datafield>
    <datafield tag="400" ind1="1" ind2=" ">
      <subfield code="a">Avelino, Andres</subfield>
      <subfield code="c">Saint</subfield>
      <subfield code="d">1521-1608</subfield>
    </datafield>
    <datafield tag="400" ind1="1" ind2=" ">
      <subfield code="a">Avellino, Lorenzo</subfield>
      <subfield code="c">Heiliger</subfield>
      <subfield code="d">1521-1608</subfield>
    </datafield>
    <datafield tag="400" ind1="1" ind2=" ">
      <subfield code="a">Avellino, Lorenzo</subfield>
      <subfield code="c">Saint</subfield>
      <subfield code="d">1521-1608</subfield>
    </datafield>
    <datafield tag="400" ind1="1" ind2=" ">
      <subfield code="a">Avelino, Lancellotto</subfield>
      <subfield code="c">Heiliger</subfield>
      <subfield code="d">1521-1608</subfield>
    </datafield>
    <datafield tag="400" ind1="1" ind2=" ">
      <subfield code="a">Avelino, Lancellotto</subfield>
      <subfield code="c">Saint</subfield>
      <subfield code="d">1521-1608</subfield>
    </datafield>
    <datafield tag="400" ind1="0" ind2=" ">
      <subfield code="a">Andrea</subfield>
      <subfield code="c">Avellino, Heiliger</subfield>
      <subfield code="d">1521-1608</subfield>
    </datafield>
    <datafield tag="400" ind1="0" ind2=" ">
      <subfield code="9">L:fre</subfield>
      <subfield code="a">Andrea</subfield>
      <subfield code="c">Avellino, Saint</subfield>
      <subfield code="d">1521-1608</subfield>
      <subfield code="5">CH-GND</subfield>
    </datafield>
    <datafield tag="548" ind1=" " ind2=" ">
      <subfield code="a">1521-1608</subfield>
      <subfield code="4">datl</subfield>
      <subfield code="4">https://d-nb.info/standards/elementset/gnd#dateOfBirthAndDeath</subfield>
      <subfield code="w">r</subfield>
      <subfield code="i">Lebensdaten</subfield>
    </datafield>
    <datafield tag="667" ind1=" " ind2=" ">
      <subfield code="a">12</subfield>
    </datafield>
    <datafield tag="667" ind1=" " ind2=" ">
      <subfield code="a">SWB</subfield>
    </datafield>
    <datafield tag="667" ind1=" " ind2=" ">
      <subfield code="a">RAK §312,2</subfield>
    </datafield>
    <datafield tag="667" ind1=" " ind2=" ">
      <subfield code="a">Kommentare Bib-Oechslin: ital. Geistlicher, Theatiner, geb. und gest. in Neapel, 1712 heiliggesprochen. - Info aus: Gemeinsame Normdatei</subfield>
      <subfield code="5">CH-ZuETHN</subfield>
    </datafield>
    <datafield tag="667" ind1=" " ind2=" ">
      <subfield code="a">Quelle: DNB-Normdaten (Info DNB: Italien (XA-IT) Weitere Angaben Theatiner; geb. und gest. in Neapel; 1712 heiliggesprochen; Ital. Geistlicher)</subfield>
    </datafield>
    <datafield tag="670" ind1=" " ind2=" ">
      <subfield code="a">NUC pre '56; LUI</subfield>
    </datafield>
    <datafield tag="672" ind1=" " ind2="0">
      <subfield code="a">Andreas &lt;Avellinus&gt;: Lettere scritte a diversi suoi divoti. - 1731</subfield>
    </datafield>
    <datafield tag="672" ind1=" " ind2="0">
      <subfield code="a">Andreas &lt;Avellinus&gt;: Opere varie. - 1733</subfield>
    </datafield>
    <datafield tag="678" ind1=" " ind2=" ">
      <subfield code="b">Theatiner; geb. und gest. in Neapel; 1712 heiliggesprochen; Ital. Geistlicher</subfield>
    </datafield>
    <datafield tag="913" ind1=" " ind2=" ">
      <subfield code="S">pnd</subfield>
      <subfield code="i">5</subfield>
      <subfield code="a">Andrea &lt;Avellino&gt;</subfield>
      <subfield code="0">(DE-588a)100018300</subfield>
    </datafield>
  </record>
